\usepackage[style=alphabetic,maxnames=4,minnames=3,maxbibnames=99]{biblatex}

@online{csdn-1,
    author = {燕雀安知鸿鹄之志哉.},
    title = {SQLMAP的下载安装和使用(Windows)},
    url = {https://blog.csdn.net/weixin_68416970/article/details/138974168},  
    urldate = {2024-05-26},
    year = {2023},  
    organization = {CSDN},  
}


@online{csdn-2,
    author  = {Mr.Jacob},
    title   = {{SQL注入漏洞的手动注入+sqlmap自动化注入dvwa-Low}},
    year    = {2025},
    url     ={https://blog.csdn.net/2301_81984903/article/details/147936687},
    urldate = {2025-05-14},  
    organization = {CSDN},
}

